
@article{alonDiversityOpportunityShifting2007,
  title = {Diversity, {{Opportunity}}, and the {{Shifting Meritocracy}} in {{Higher Education}}},
  author = {Alon, Sigal and Tienda, Marta},
  year = {2007},
  month = aug,
  volume = {72},
  pages = {487--511},
  issn = {0003-1224, 1939-8271},
  doi = {10.1177/000312240707200401},
  journal = {American Sociological Review},
  language = {English},
  number = {4}
}

@article{AzevedoNeoliberalIdeologyJustification2019,
  title = {Neoliberal {{Ideology}} and the {{Justification}} of {{Inequality}} in {{Capitalist Societies}}: {{Why Social}} and {{Economic Dimensions}} of {{Ideology Are Intertwined}}: {{Neoliberal Ideology}} and {{Justification}}},
  shorttitle = {Neoliberal {{Ideology}} and the {{Justification}} of {{Inequality}} in {{Capitalist Societies}}},
  author = {Azevedo, Flavio and Jost, John T. and Rothmund, Tobias and Sterling, Joanna},
  year = {2019},
  month = mar,
  volume = {75},
  pages = {49--88},
  issn = {00224537},
  doi = {10.1111/josi.12310},
  journal = {Journal of Social Issues},
  language = {English},
  number = {1}
}

@article{barozetValorHistoricoPituto2006,
  title = {El Valor Hist\'orico Del Pituto: {{Clase}} Media, Integraci\'on y Diferenciaci\'on Social En {{Chile}}},
  shorttitle = {El Valor Hist\'orico Del Pituto},
  author = {Barozet, Emmanuelle},
  year = {2006},
  month = jan,
  volume = {0},
  issn = {0719-529X, 0716-632X},
  doi = {10.5354/0719-529X.2006.27531},
  journal = {Revista de Sociolog\'ia},
  number = {20}
}

@article{breenClassInequalityMeritocracy1999,
  title = {Class Inequality and Meritocracy: {{A}} Critique of {{Saunders}} and an Alternative Analysis1},
  shorttitle = {Class Inequality and Meritocracy},
  author = {Breen, Richard and Goldthorpe, John H.},
  year = {1999},
  month = mar,
  volume = {50},
  pages = {1--27},
  issn = {0007-1315, 1468-4446},
  doi = {10.1111/j.1468-4446.1999.00001.x},
  journal = {The British Journal of Sociology},
  language = {English},
  number = {1}
}

@article{CastilloMeritocraciadesigualdadeconomica2019,
  title = {Meritocracia y Desigualdad Econ\'omica: {{Percepciones}}, Preferencias e Implicancias},
  shorttitle = {Meritocracia y Desigualdad Econ\'omica},
  author = {Castillo, Juan C. and Torres, Alex and Atria, Jorge and Maldonado, Luis},
  year = {2019},
  month = mar,
  volume = {77},
  pages = {117},
  issn = {1988-429X, 0034-9712},
  doi = {10.3989/ris.2019.77.1.17.114},
  journal = {Revista Internacional de Sociolog\'ia},
  keywords = {perprefCastillo2019},
  number = {1}
}

@book{dubetRepensarJusticiaSocial2017,
  title = {{Repensar la justicia social: contra el mito de la igualdad de oportunidades}},
  shorttitle = {{Repensar la justicia social}},
  author = {Dubet, Fran{\c c}ois (},
  year = {2017},
  publisher = {{Siglo Veintiuno}},
  address = {{Buenos Aires}},
  isbn = {978-987-629-163-7},
  language = {spanish}
}

@article{Duru-BellatWhoMeritocracyIndividual2012,
  title = {Who's for {{Meritocracy}}? {{Individual}} and {{Contextual Variations}} in the {{Faith}}},
  shorttitle = {Who's for {{Meritocracy}}?},
  author = {{Duru-Bellat}, Marie and Tenret, Elise},
  year = {2012},
  month = may,
  volume = {56},
  pages = {223--247},
  issn = {0010-4086, 1545-701X},
  doi = {10.1086/661290},
  journal = {Comparative Education Review},
  keywords = {Duru-Bellat2012},
  language = {English},
  number = {2}
}

@article{eriksonIntergenerationalClassMobility2010,
  title = {Intergenerational Class Mobility and the Convergence Thesis: {{England}}, {{France}} and {{Sweden}}. 1979},
  shorttitle = {Intergenerational Class Mobility and the Convergence Thesis},
  author = {Erikson, Robert and Goldthorpe, John H. and Portocarero, Lucienne},
  year = {2010},
  month = jan,
  volume = {61 Suppl 1},
  pages = {185--219},
  issn = {1468-4446},
  doi = {10.1111/j.1468-4446.2009.01246.x},
  eprint = {20092493},
  eprinttype = {pmid},
  journal = {The British Journal of Sociology},
  keywords = {20th Century,England,France,History,Humans,Intergenerational Relations,Social Class,Social Mobility,Sociology,Sweden},
  language = {English}
}

@article{fourcadeMoralViewsMarket2007,
  title = {Moral {{Views}} of {{Market Society}}},
  author = {Fourcade, Marion and Healy, Kieran},
  year = {2007},
  month = aug,
  volume = {33},
  pages = {285--311},
  issn = {0360-0572, 1545-2115},
  doi = {10.1146/annurev.soc.33.040406.131642},
  journal = {Annual Review of Sociology},
  language = {English},
  number = {1}
}

@article{goldthorpeMythEducationbasedMeritocracy2003,
  title = {The Myth of Education-Based Meritocracy},
  author = {Goldthorpe, John},
  year = {2003},
  month = dec,
  volume = {10},
  pages = {234--239},
  issn = {1070-3535, 1468-0041},
  doi = {10.1046/j.1468-0041.2003.00324.x},
  journal = {New Economy},
  language = {English},
  number = {4}
}

@article{gornickMoralEconomyWelfare2005,
  title = {The {{Moral Economy}} of {{Welfare States}}: {{Britain}} and {{Germany Compared}}},
  shorttitle = {The {{Moral Economy}} of {{Welfare States}}},
  author = {Gornick, Janet C.},
  year = {2005},
  month = jun,
  volume = {3},
  issn = {1537-5927, 1541-0986},
  doi = {10.1017/S1537592705680152},
  journal = {Perspectives on Politics},
  language = {English},
  number = {02}
}

@book{hadjarMeritokratieAlsLegitimationsprinzip2008,
  title = {{Meritokratie als Legitimationsprinzip: die Entwicklung der Akzeptanz sozialer Ungleichheit im Zuge der Bildungsexpansion}},
  shorttitle = {{Meritokratie als Legitimationsprinzip}},
  author = {Hadjar, Andreas},
  year = {2008},
  isbn = {978-3-531-90959-2},
  language = {german}
}

@article{Jostrolestereotypingsystemjustification1994,
  title = {The Role of Stereotyping in System-Justification and the Production of False Consciousness},
  author = {Jost, John T. and Banaji, Mahzarin R.},
  year = {1994},
  month = mar,
  volume = {33},
  pages = {1--27},
  issn = {01446665},
  doi = {10.1111/j.2044-8309.1994.tb01008.x},
  journal = {British Journal of Social Psychology},
  keywords = {Jost1994},
  language = {English},
  number = {1}
}

@article{KunovichSystemsDistributionSense2007,
  title = {Systems of {{Distribution}} and a {{Sense}} of {{Equity}}: {{A Multilevel Analysis}} of {{Meritocratic Attitudes}} in {{Post}}-{{Industrial Societies}}},
  shorttitle = {Systems of {{Distribution}} and a {{Sense}} of {{Equity}}},
  author = {Kunovich, S. and Slomczynski, K. M.},
  year = {2007},
  month = jun,
  volume = {23},
  pages = {649--663},
  issn = {0266-7215, 1468-2672},
  doi = {10.1093/esr/jcm026},
  journal = {European Sociological Review},
  keywords = {Kunovich2007},
  language = {English},
  number = {5}
}

@article{lamontWhatMissingCultural2014,
  title = {What Is Missing? {{Cultural}} Processes and Causal Pathways to Inequality},
  shorttitle = {What Is Missing?},
  author = {Lamont, M. and Beljean, S. and Clair, M.},
  year = {2014},
  month = jul,
  volume = {12},
  pages = {573--608},
  issn = {1475-1461, 1475-147X},
  doi = {10.1093/ser/mwu011},
  journal = {Socio-Economic Review},
  language = {English},
  number = {3}
}

@article{landWeSatTable2006,
  title = {We {{Sat Down}} at the {{Table}} of {{Privilege}} and {{Complained}} about the {{Food}} {$^{1}$}},
  author = {Land, Hilary},
  year = {2006},
  month = jun,
  volume = {77},
  pages = {45--60},
  issn = {0032-3179, 1467-923X},
  doi = {10.1111/j.1467-923X.2006.00780.x},
  journal = {The Political Quarterly},
  language = {English},
  number = {s1}
}

@article{MadeiraPrimesConsequencesSystematic2019,
  title = {Primes and {{Consequences}}: {{A Systematic Review}} of {{Meritocracy}} in {{Intergroup Relations}}},
  shorttitle = {Primes and {{Consequences}}},
  author = {Madeira, Ana Filipa and {Costa-Lopes}, Rui and Dovidio, John F. and Freitas, Gon{\c c}alo and Mascarenhas, Mafalda F.},
  year = {2019},
  month = sep,
  volume = {10},
  issn = {1664-1078},
  doi = {10.3389/fpsyg.2019.02007},
  journal = {Frontiers in Psychology},
  keywords = {Madeira2019}
}

@book{mauMoralEconomyWelfare2004,
  title = {The Moral Economy of Welfare States: {{Britain}} and {{Germany}} Compared},
  shorttitle = {The Moral Economy of Welfare States},
  author = {Mau, Steffen},
  year = {2004},
  publisher = {{Taylor \& Francis e-Library}},
  address = {{London}},
  abstract = {The Moral Economy of Welfare States investigates why people are willing to support an institutional arrangement that realises large-scale redistribution of wealth between social groups of society. Steffen Mau introduces the concept of 'the moral economy' to show that acceptance of welfare exchanges rests on moral assumptions and ideas of social justice people adhere to. Analysing both the institution of welfare and the public attitudes towards such schemes, the book demonstrates that people are neither selfish nor altruistic; rather they tend to reason reciprocally.},
  isbn = {978-0-203-59061-4 978-0-415-31754-2 978-0-203-33908-4 978-1-280-07396-0},
  language = {English}
}

@article{mccoy_Priming_2007,
  title = {Priming Meritocracy and the Psychological Justification of Inequality},
  author = {McCoy, Shannon K. and Major, Brenda},
  year = {2007},
  month = may,
  volume = {43},
  pages = {341--351},
  issn = {00221031},
  doi = {10.1016/j.jesp.2006.04.009},
  journal = {Journal of Experimental Social Psychology},
  language = {en},
  number = {3}
}

@book{mcnameeMeritocracyMyth2004,
  title = {The Meritocracy Myth},
  author = {McNamee, Stephen J. and Miller, Robert K.},
  year = {2004},
  publisher = {{Rowman \& Littlefield}},
  address = {{Lanham, Md}},
  isbn = {978-0-7425-1055-5 978-0-7425-1056-2},
  keywords = {Equality,Social capital (Sociology),Social mobility,United States}
}

@article{NewmanFalseConsciousnessClass2015,
  title = {False {{Consciousness}} or {{Class Awareness}}? {{Local Income Inequality}}, {{Personal Economic Position}}, and {{Belief}} in {{American Meritocracy}}: {{FALSE CONSCIOUSNESS OR CLASS AWARENESS}}?},
  shorttitle = {False {{Consciousness}} or {{Class Awareness}}?},
  author = {Newman, Benjamin J. and Johnston, Christopher D. and Lown, Patrick L.},
  year = {2015},
  month = feb,
  volume = {59},
  pages = {326--340},
  issn = {00925853},
  doi = {10.1111/ajps.12153},
  journal = {American Journal of Political Science},
  keywords = {Newman2015},
  language = {English},
  number = {2}
}

@article{OhsfeldtBeliefsInequalityAmericans1987,
  title = {Beliefs about {{Inequality}}: {{Americans}}' {{Views}} of {{What Is}} and {{What Ought}} to {{Be}}},
  shorttitle = {Beliefs about {{Inequality}}},
  author = {Ohsfeldt, Robert L. and Kluegel, James R. and Smith, Eliot R.},
  year = {1987},
  month = oct,
  volume = {54},
  pages = {508},
  issn = {00384038},
  doi = {10.2307/1059348},
  journal = {Southern Economic Journal},
  keywords = {Ohsfeldt1987},
  number = {2}
}

@book{polanyiGranTransformacionCritica1997,
  title = {{La gran transformaci\'on cr\'itica del liberalismo econ\'omico}},
  author = {Polanyi, Karl and {Alvarez-Uria}, Fernando and VARELA, Julia},
  year = {1997},
  publisher = {{Ediciones de la piqueta}},
  address = {{Madrid (Espa\~na)}},
  isbn = {978-84-7731-047-1},
  language = {spanish}
}

@article{ReynoldsPerceptionsmeritocracyland2014,
  title = {Perceptions of Meritocracy in the Land of Opportunity},
  author = {Reynolds, Jeremy and Xian, He},
  year = {2014},
  month = jun,
  volume = {36},
  pages = {121--137},
  issn = {02765624},
  doi = {10.1016/j.rssm.2014.03.001},
  journal = {Research in Social Stratification and Mobility},
  keywords = {Reynolds2014},
  language = {English}
}

@book{rosanvallonSocieteEgaux2011,
  title = {{La soci\'et\'e des \'egaux}},
  author = {Rosanvallon, Pierre},
  year = {2011},
  publisher = {{Le Grand livre du mois}},
  address = {{Paris}},
  isbn = {978-2-286-08470-7},
  language = {french}
}

@article{sachwehMoralEconomyInequality2012,
  title = {The Moral Economy of Inequality: {{Popular}} Views on Income Differentiation, Poverty and Wealth},
  shorttitle = {The Moral Economy of Inequality},
  author = {Sachweh, P.},
  year = {2012},
  month = jul,
  volume = {10},
  pages = {419--445},
  issn = {1475-1461, 1475-147X},
  doi = {10.1093/ser/mwr023},
  journal = {Socio-Economic Review},
  language = {English},
  number = {3}
}

@article{saundersMightBritainBe1995,
  title = {Might {{Britain}} Be a {{Meritocracy}}?},
  author = {Saunders, Peter},
  year = {1995},
  month = feb,
  volume = {29},
  pages = {23--41},
  issn = {0038-0385, 1469-8684},
  doi = {10.1177/0038038595029001003},
  journal = {Sociology-the Journal of The British Sociological Association},
  language = {English},
  number = {1}
}

@book{schlozmanUnheavenlyChorusUnequal2012,
  title = {The Unheavenly Chorus: {{Unequal}} Political Voice and the Broken Promise of {{American}} Democracy},
  shorttitle = {The Unheavenly Chorus},
  author = {Schlozman, Kay Lehman and Verba, Sidney and Brady, Henry E.},
  year = {2012},
  publisher = {{Princeton University Press}},
  address = {{Princeton ; Oxford}},
  isbn = {978-0-691-15484-8},
  keywords = {Democracy,Equality,Political participation,Pressure groups,United States}
}

@incollection{yairMeritocracy2007,
  title = {Meritocracy},
  booktitle = {The {{Blackwell Encyclopedia}} of {{Sociology}}},
  author = {Yair, Gad},
  editor = {Ritzer, George},
  year = {2007},
  month = feb,
  publisher = {{John Wiley \& Sons, Ltd}},
  address = {{Oxford, UK}},
  doi = {10.1002/9781405165518.wbeosm082},
  isbn = {978-1-4051-2433-1 978-1-4051-6551-8},
  language = {English}
}

@book{youngRiseMeritocracy1994,
  title = {The Rise of the Meritocracy},
  author = {Young, Michael Dunlop},
  year = {1994},
  publisher = {{Transaction Publishers}},
  address = {{New Brunswick, N.J., U.S.A}},
  isbn = {978-1-56000-704-3},
  keywords = {Elite (Social sciences),Intellectuals,Progress,Social status}
}

@book{zelizerEconomicLivesHow2010,
  title = {Economic {{Lives}}: {{How Culture Shapes}} the {{Economy}}},
  shorttitle = {Economic {{Lives}}},
  author = {Zelizer, Viviana A.},
  year = {2010},
  month = oct,
  edition = {First},
  publisher = {{Princeton University Press}},
  doi = {10.23943/princeton/9780691139364.001.0001},
  isbn = {978-0-691-13936-4 978-1-4008-3625-3},
  language = {English}
}


